<?xml version="1.0" encoding="UTF-8"?><record xmlns="http://www.loc.gov/MARC21/slim" xmlns:cinclude="http://apache.org/cocoon/include/1.0" xmlns:zs="http://www.loc.gov/zing/srw/">
  <leader>00470cz  a2200145n  4500</leader>
  <controlfield tag="001">n  80099818 </controlfield>
  <controlfield tag="003">DLC</controlfield>
  <controlfield tag="005">20141208091547.0</controlfield>
  <controlfield tag="008">800819n| azannaab           |a aaa      </controlfield>
  <datafield tag="010" ind1=" " ind2=" ">
    <subfield code="a">n  80099818 </subfield>
  </datafield>
  <datafield tag="040" ind1=" " ind2=" ">
    <subfield code="a">DLC</subfield>
    <subfield code="b">eng</subfield>
    <subfield code="e">rda</subfield>
    <subfield code="c">DLC</subfield>
    <subfield code="d">DLC</subfield>
  </datafield>
  <datafield tag="100" ind1="1" ind2=" ">
    <subfield code="a">Brown, Clifford A.</subfield>
    <subfield code="q">(Clifford Alan)</subfield>
  </datafield>
  <datafield tag="378" ind1=" " ind2=" ">
    <subfield code="q">Clifford Alan</subfield>
  </datafield>
  <datafield tag="400" ind1="1" ind2="0">
    <subfield code="w">nna</subfield>
    <subfield code="a">Brown, Clifford Alan</subfield>
  </datafield>
  <datafield tag="670" ind1=" " ind2=" ">
    <subfield code="a">His Jung's hermeneutic of doctrine, c1980:</subfield>
    <subfield code="b">CIP galley t.p. (Clifford Alan Brown) book t.p. (Clifford A. Brown)</subfield>
  </datafield>
</record>